<record><leader>00000cas a2200000 a 4500</leader><controlfield tag="001">25564207</controlfield><controlfield tag="008">920331d19211924nyudn ne      0    0eng c</controlfield><datafield ind1=" " ind2=" " tag="010"><subfield code="a">sn 92061534 </subfield></datafield><datafield ind1=" " ind2=" " tag="040"><subfield code="a">NYS</subfield><subfield code="b">eng</subfield><subfield code="c">NYS</subfield><subfield code="d">OCLCQ</subfield><subfield code="d">NYS</subfield><subfield code="d">NYG</subfield><subfield code="d">OCLCQ</subfield><subfield code="d">OCLCF</subfield><subfield code="d">OCLCO</subfield></datafield><datafield ind1="1" ind2=" " tag="029"><subfield code="a">AU@</subfield><subfield code="b">000020693177</subfield></datafield><datafield ind1=" " ind2=" " tag="042"><subfield code="a">pcc</subfield></datafield><datafield ind1=" " ind2=" " tag="043"><subfield code="a">n-us-ny</subfield></datafield><datafield ind1="0" ind2="0" tag="245"><subfield code="a">Yonkers statesman and the Yonkers daily news.</subfield></datafield><datafield ind1="1" ind2="3" tag="246"><subfield code="a">Yonkers statesman, the Yonkers daily news</subfield><subfield code="f">Dec. 21, 1921-June 11, 1924</subfield></datafield><datafield ind1="1" ind2="7" tag="246"><subfield code="a">Yonkers statesman and news</subfield></datafield><datafield ind1=" " ind2=" " tag="260"><subfield code="a">Yonkers, N.Y. :</subfield><subfield code="b">Yonkers Statesman Corp.,</subfield><subfield code="c">1921-1924.</subfield></datafield><datafield ind1=" " ind2=" " tag="300"><subfield code="a">v.</subfield></datafield><datafield ind1=" " ind2=" " tag="310"><subfield code="a">Daily (except Sunday)</subfield></datafield><datafield ind1="0" ind2=" " tag="362"><subfield code="a">Vol. 1, no. 1 (Oct. 3,1921)-[v. 41, no. 173] (June 11, 1924).</subfield></datafield><datafield ind1=" " ind2=" " tag="500"><subfield code="a">Purchased by V. Everit Macy on Feb. 8, 1924. Cf. Griffin, E.F. Westchester County and Its People, p. 277.</subfield></datafield><datafield ind1=" " ind2=" " tag="500"><subfield code="a">"The Yonkers daily news" appears in small type within masthead (1923).</subfield></datafield><datafield ind1=" " ind2=" " tag="515"><subfield code="a">Volume numbering ceases with Vol. 1, no. 67 (Dec. 20,1921). Numbering then reverts to sequence of the first Yonkers Statesman beginning with Vol. 39, no. 26 (Dec. 21, 1921).</subfield></datafield><datafield ind1=" " ind2=" " tag="530"><subfield code="a">Available on microfilm from Yonkers Public Library.</subfield></datafield><datafield ind1=" " ind2="0" tag="651"><subfield code="a">Yonkers (N.Y.)</subfield><subfield code="v">Newspapers.</subfield></datafield><datafield ind1=" " ind2="0" tag="651"><subfield code="a">Westchester County (N.Y.)</subfield><subfield code="v">Newspapers.</subfield></datafield><datafield ind1=" " ind2="7" tag="655"><subfield code="a">Newspapers.</subfield><subfield code="2">fast</subfield><subfield code="0">(OCoLC)fst01423814</subfield></datafield><datafield ind1=" " ind2="7" tag="651"><subfield code="a">New York (State)</subfield><subfield code="z">Westchester County.</subfield><subfield code="2">fast</subfield><subfield code="0">(OCoLC)fst01202684</subfield></datafield><datafield ind1=" " ind2="7" tag="651"><subfield code="a">New York (State)</subfield><subfield code="z">Yonkers.</subfield><subfield code="2">fast</subfield><subfield code="0">(OCoLC)fst01215788</subfield></datafield><datafield ind1=" " ind2=" " tag="752"><subfield code="a">United States</subfield><subfield code="b">New York</subfield><subfield code="c">Westchester</subfield><subfield code="d">Yonkers.</subfield></datafield><datafield ind1="0" ind2="4" tag="780"><subfield code="t">Yonkers statesman (Yonkers, N.Y. : 1883)</subfield><subfield code="w">(DLC)sn 91063288</subfield><subfield code="w">(OCoLC)24498329</subfield></datafield><datafield ind1="0" ind2="4" tag="780"><subfield code="t">Yonkers daily news</subfield><subfield code="w">(DLC)sn 85054444</subfield><subfield code="w">(OCoLC)11896235</subfield></datafield><datafield ind1="0" ind2="0" tag="785"><subfield code="t">Yonkers statesman (Yonkers, N.Y. : 1924)</subfield><subfield code="w">(DLC)sn2003060383</subfield><subfield code="w">(OCoLC)52550394</subfield></datafield></record>